@book{landau,
  title={Mechanics},
  author={Landau, L.D. and Lifshit︠s︡, E.M.},
  isbn={9780750628969},
  lccn={76018997},
  series={Butterworth-Heinemann},
  url={https://books.google.se/books?id=e-xASAehg1sC},
  year={1976},
  publisher={Butterworth-Heinemann}
}
@book{goldstein,
  title={Classical Mechanics},
  author={Goldstein, H. and Poole, C.P. and Safko, J.L.},
  isbn={9780201657029},
  lccn={79023456},
  url={https://books.google.se/books?id=tJCuQgAACAAJ},
  year={2002},
  publisher={Addison Wesley}
}
@book{murray,
  title={Solar System Dynamics},
  author={Murray, C.D. and Dermott, S.F.},
  isbn={9780521575973},
  lccn={99019679},
  url={https://books.google.se/books?id=aU6vcy5L8GAC},
  year={1999},
  publisher={Cambridge University Press}
}
@book{jackson,
  title={Classical Electrodynamics},
  author={Jackson, J.D.},
  isbn={9788126510948},
  url={https://books.google.se/books?id=2hZ0CgAAQBAJ},
  year={2007},
  publisher={Wiley}
}
@book{brouwer1961,
  title={Methods of celestial mechanics},
  author={Brouwer, D. and Clemence, G.M.},
  lccn={60016909},
  url={https://books.google.se/books?id=eKgNAQAAIAAJ},
  year={1961},
  publisher={Academic Press}
}
@book{bronshtein,
  title={Handbook of Mathematics},
  author={Bronshtein, I.N. and Semendyayev, K.A. and Musiol, G. and M{\"u}hlig, H.},
  isbn={9783540721222},
  url={https://books.google.se/books?id=gCgOoMpluh8C},
  year={2007},
  publisher={Springer Berlin Heidelberg}
}
@ARTICLE{Laskar,
   author = {{Laskar}, J.},
    title = "{Large scale chaos and the spacing of the inner planets.}",
  journal = {\aap},
 keywords = {CELESTIAL MECHANICS, SOLAR SYSTEM FORMATION, PLANETS, CHAOTIC PHENOMENA, INSTABILITIES, DIFFUSION},
     year = 1997,
    month = jan,
   volume = 317,
    pages = {L75-L78},
   adsurl = {http://adsabs.harvard.edu/abs/1997A%26A...317L..75L},
  adsnote = {Provided by the SAO/NASA Astrophysics Data System}
}
@misc{Mathematica,
  author = {Wolfram Research{,} Inc.},
  title = {Mathematica, {V}ersion 11.1},
  note = {Champaign, IL, 2017}
}
@book{sylvio,
  title={Canonical Perturbation Theories: Degenerate Systems and Resonance},
  author={Ferraz-Mello, S.},
  isbn={9780387389059},
  lccn={2006931783},
  series={Astrophysics and Space Science Library},
  url={https://books.google.se/books?id=TYVCAAAAQBAJ},
  year={2007},
  publisher={Springer New York}
}
