@book{landau,
  title={Mechanics},
  author={Landau, L.D. and Lifshitz, E.M.},
  isbn={9780750628969},
  lccn={76018997},
  series={Butterworth-Heinemann},
  url={https://books.google.se/books?id=e-xASAehg1sC},
  year={1976},
  publisher={Butterworth-Heinemann}
}
@book{goldstein,
  title={Classical Mechanics},
  author={Goldstein, H. and Poole, C.P. and Safko, J.L.},
  isbn={9780201657029},
  lccn={79023456},
  url={https://books.google.se/books?id=tJCuQgAACAAJ},
  year={2002},
  publisher={Addison Wesley}
}
@book{murray,
  title={Solar System Dynamics},
  author={Murray, C.D. and Dermott, S.F.},
  isbn={9780521575973},
  lccn={99019679},
  url={https://books.google.se/books?id=aU6vcy5L8GAC},
  year={1999},
  publisher={Cambridge University Press}
}
@book{jackson,
  title={Classical Electrodynamics},
  author={Jackson, J.D.},
  isbn={9788126510948},
  url={https://books.google.se/books?id=2hZ0CgAAQBAJ},
  year={2007},
  publisher={Wiley}
}
@book{brouwer1961,
  title={Methods of celestial mechanics},
  author={Brouwer, D. and Clemence, G.M.},
  lccn={60016909},
  url={https://books.google.se/books?id=eKgNAQAAIAAJ},
  year={1961},
  publisher={Academic Press}
}
@book{bronshtein,
  title={Handbook of Mathematics},
  author={Bronshtein, I.N. and Semendyayev, K.A. and Musiol, G. and M{\"u}hlig, H.},
  isbn={9783540721222},
  url={https://books.google.se/books?id=gCgOoMpluh8C},
  year={2007},
  publisher={Springer Berlin Heidelberg}
}
@ARTICLE{Laskar,
   author = {{Laskar}, J.},
    title = "{Large scale chaos and the spacing of the inner planets.}",
  journal = {\aap},
 keywords = {CELESTIAL MECHANICS, SOLAR SYSTEM FORMATION, PLANETS, CHAOTIC PHENOMENA, INSTABILITIES, DIFFUSION},
     year = 1997,
    month = jan,
   volume = 317,
    pages = {L75-L78},
   adsurl = {http://adsabs.harvard.edu/abs/1997A%26A...317L..75L},
  adsnote = {Provided by the SAO/NASA Astrophysics Data System}
}
@misc{Mathematica,
  author = {Wolfram Research{,} Inc.},
  title = {Mathematica, {V}ersion 11.1},
  note = {Champaign, IL, 2017}
}
@book{sylvio,
  title={Canonical Perturbation Theories: Degenerate Systems and Resonance},
  author={Ferraz-Mello, S.},
  isbn={9780387389059},
  lccn={2006931783},
  series={Astrophysics and Space Science Library},
  url={https://books.google.se/books?id=TYVCAAAAQBAJ},
  year={2007},
  publisher={Springer New York}
}
@Misc{scipy,
  author =    {Eric Jones and Travis Oliphant and Pearu Peterson and others},
  title =     {{SciPy}: Open source scientific tools for {Python}},
  year =      {2001--},
  url = "http://www.scipy.org/"
}
@article{vogelaere,
  title={Methods of integration which preserve the contact transformation property of the Hamiltonian equations},
  author={de Vogelaere, Rene},
  journal={Department of Mathematics, University of Notre Dame, Report},
  volume={4},
  pages={30},
  year={1956}
}
@article{ruth,
  title={A canonical integration technique},
  author={Ruth, Ronald D},
  journal={IEEE Trans. Nucl. Sci.},
  volume={30},
  number={CERN-LEP-TH-83-14},
  pages={2669--2671},
  year={1983}
}
@article{feng,
 author = {Feng, Kang},
 title = {Difference Schemes for Hamiltonian Formalism and Symplectic Geometry},
 journal = {J. Comput. Math.},
 issue_date = {July 1986},
 volume = {4},
 number = {3},
 month = jul,
 year = {1986},
 issn = {0254-9409},
 pages = {279--289},
 numpages = {11},
 url = {http://dl.acm.org/citation.cfm?id=8528.8538},
 acmid = {8538},
 publisher = {Science Press},
 address = {Utrecht, The Netherlands, The Netherlands},
} 
@INPROCEEDINGS{chambers1997,
   author = {{Chambers}, J.~E. and {Migliorini}, F.},
    title = "{Mercury - A New Software Package for Orbital Integrations}",
booktitle = {AAS/Division for Planetary Sciences Meeting Abstracts \#29},
     year = 1997,
   series = {Bulletin of the American Astronomical Society},
   volume = 29,
    month = jul,
      eid = {27.06},
    pages = {1024},
   adsurl = {http://adsabs.harvard.edu/abs/1997DPS....29.2706C},
  adsnote = {Provided by the SAO/NASA Astrophysics Data System}
}
@ARTICLE{chambers1999,
   author = {{Chambers}, J.~E.},
    title = "{A hybrid symplectic integrator that permits close encounters between massive bodies}",
  journal = {\mnras},
 keywords = {ACCRETION, ACCRETION DISCS, METHODS: NUMERICAL, CELESTIAL MECHANICS, STELLAR DYNAMICS, SOLAR SYSTEM: GENERAL},
     year = 1999,
    month = apr,
   volume = 304,
    pages = {793-799},
      doi = {10.1046/j.1365-8711.1999.02379.x},
   adsurl = {http://adsabs.harvard.edu/abs/1999MNRAS.304..793C},
  adsnote = {Provided by the SAO/NASA Astrophysics Data System}
}
@ARTICLE{brouwer,
   author = {{Brouwer}, D.},
    title = "{On the accumulation of errors in numerical integration}",
  journal = {\aj},
     year = 1937,
    month = oct,
   volume = 46,
    pages = {149-153},
      doi = {10.1086/105423},
   adsurl = {http://adsabs.harvard.edu/abs/1937AJ.....46..149B},
  adsnote = {Provided by the SAO/NASA Astrophysics Data System}
}

@ARTICLE{izzard2004,
   author = {{Izzard}, R.~G. and {Tout}, C.~A. and {Karakas}, A.~I. and {Pols}, O.~R.
	},
    title = "{A new synthetic model for asymptotic giant branch stars}",
  journal = {\mnras},
   eprint = {astro-ph/0402403},
     year = 2004,
    month = may,
   volume = 350,
    pages = {407-426},
      doi = {10.1111/j.1365-2966.2004.07446.x},
   adsurl = {http://cdsads.u-strasbg.fr/abs/2004MNRAS.350..407I},
  adsnote = {Provided by the SAO/NASA Astrophysics Data System}
}
@ARTICLE{izzard2006,
   author = {{Izzard}, R.~G. and {Dray}, L.~M. and {Karakas}, A.~I. and {Lugaro}, M. and 
	{Tout}, C.~A.},
    title = "{Population nucleosynthesis in single and binary stars. I. Model}",
  journal = {\aap},
 keywords = {stars: abundances, stars: AGB and post-AGB, stars: binaries: general, stars: chemically peculiar, stars: carbon, stars: Wolf-Rayet},
     year = 2006,
    month = dec,
   volume = 460,
    pages = {565-572},
      doi = {10.1051/0004-6361:20066129},
   adsurl = {http://cdsads.u-strasbg.fr/abs/2006A%26A...460..565I},
  adsnote = {Provided by the SAO/NASA Astrophysics Data System}
}

@ARTICLE{izzard2009,
   author = {{Izzard}, R.~G. and {Glebbeek}, E. and {Stancliffe}, R.~J. and 
	{Pols}, O.~R.},
    title = "{Population synthesis of binary carbon-enhanced metal-poor stars}",
  journal = {\aap},
archivePrefix = "arXiv",
   eprint = {0910.2158},
 primaryClass = "astro-ph.SR",
 keywords = {stars: carbon, binaries: close, stars: chemically peculiar, Galaxy: halo, Galaxy: stellar content, nuclear reactions, nucleosynthesis, abundances},
     year = 2009,
    month = dec,
   volume = 508,
    pages = {1359-1374},
      doi = {10.1051/0004-6361/200912827},
   adsurl = {http://cdsads.u-strasbg.fr/abs/2009A%26A...508.1359I},
  adsnote = {Provided by the SAO/NASA Astrophysics Data System}
}

@ARTICLE{hurley2002,
   author = {{Hurley}, J.~R. and {Tout}, C.~A. and {Pols}, O.~R.},
    title = "{Evolution of binary stars and the effect of tides on binary populations}",
  journal = {\mnras},
   eprint = {astro-ph/0201220},
 keywords = {METHODS: ANALYTICAL, METHODS: STATISTICAL, BINARIES: GENERAL, STARS: EVOLUTION, STARS: VARIABLES: OTHER, GALAXIES: STELLAR CONTENT},
     year = 2002,
    month = feb,
   volume = 329,
    pages = {897-928},
      doi = {10.1046/j.1365-8711.2002.05038.x},
   adsurl = {http://adsabs.harvard.edu/abs/2002MNRAS.329..897H},
  adsnote = {Provided by the SAO/NASA Astrophysics Data System}
}
@book{morbidelli2002,
  title={Modern celestial mechanics: aspects of solar system dynamics},
  author={Morbidelli, A.},
  isbn={9780415279390},
  series={Advances in astronomy and astrophysics},
  url={https://books.google.se/books?id=xpU0AQAAIAAJ},
  year={2002},
  publisher={Taylor \& Francis}
}

@INPROCEEDINGS{skokos,
   author = {{Frouard}, J. and {Fouchard}, M. and {Vienne}, A.},
    title = "{Comparison of fast Lyapunov chaos indicators for Celestial Mechanics}",
booktitle = {SF2A-2008},
     year = 2008,
   editor = {{Charbonnel}, C. and {Combes}, F. and {Samadi}, R.},
    month = nov,
    pages = {121},
   adsurl = {http://adsabs.harvard.edu/abs/2008sf2a.conf..121F},
  adsnote = {Provided by the SAO/NASA Astrophysics Data System}
}

@ARTICLE{papaloizou,
   author = {{Papaloizou}, J.~C.~B. and {Larwood}, J.~D.},
    title = "{On the orbital evolution and growth of protoplanets embedded in a gaseous disc}",
  journal = {\mnras},
   eprint = {astro-ph/9911431},
 keywords = {ACCRETION, ACCRETION DISCS, CELESTIAL MECHANICS, STELLAR DYNAMICS, SOLAR SYSTEM: FORMATION, STARS: FORMATION, PLANETARY SYSTEMS},
     year = 2000,
    month = jul,
   volume = 315,
    pages = {823-833},
      doi = {10.1046/j.1365-8711.2000.03466.x},
   adsurl = {http://adsabs.harvard.edu/abs/2000MNRAS.315..823P},
  adsnote = {Provided by the SAO/NASA Astrophysics Data System}
}

@ARTICLE{fabrycky2015,
   author = {{Winn}, J.~N. and {Fabrycky}, D.~C.},
    title = "{The Occurrence and Architecture of Exoplanetary Systems}",
  journal = {\araa},
archivePrefix = "arXiv",
   eprint = {1410.4199},
 primaryClass = "astro-ph.EP",
     year = 2015,
    month = aug,
   volume = 53,
    pages = {409-447},
      doi = {10.1146/annurev-astro-082214-122246},
   adsurl = {http://adsabs.harvard.edu/abs/2015ARA%26A..53..409W},
  adsnote = {Provided by the SAO/NASA Astrophysics Data System}
}

@ARTICLE{campbell1988,
   author = {{Campbell}, B. and {Walker}, G.~A.~H. and {Yang}, S.},
    title = "{A search for substellar companions to solar-type stars}",
  journal = {\apj},
 keywords = {Companion Stars, Dwarf Stars, Late Stars, Subgiant Stars, Variable Stars, Accretion Disks, Brown Dwarf Stars, Chromosphere, Gravitational Collapse, Line Spectra, Radial Velocity, Velocity Distribution},
     year = 1988,
    month = aug,
   volume = 331,
    pages = {902-921},
      doi = {10.1086/166608},
   adsurl = {http://adsabs.harvard.edu/abs/1988ApJ...331..902C},
  adsnote = {Provided by the SAO/NASA Astrophysics Data System}
}
@ARTICLE{hatzes2003,
   author = {{Hatzes}, A.~P. and {Cochran}, W.~D. and {Endl}, M. and {McArthur}, B. and 
	{Paulson}, D.~B. and {Walker}, G.~A.~H. and {Campbell}, B. and 
	{Yang}, S.},
    title = "{A Planetary Companion to {$\gamma$} Cephei A}",
  journal = {\apj},
   eprint = {astro-ph/0305110},
 keywords = {Stars: Planetary Systems, Stars: Individual: Constellation Name: {$\gamma$} Cephei A, Techniques: Radial Velocities},
     year = 2003,
    month = dec,
   volume = 599,
    pages = {1383-1394},
      doi = {10.1086/379281},
   adsurl = {http://adsabs.harvard.edu/abs/2003ApJ...599.1383H},
  adsnote = {Provided by the SAO/NASA Astrophysics Data System}
}

@ARTICLE{mayor1995,
   author = {{Mayor}, M. and {Queloz}, D.},
    title = "{A Jupiter-mass companion to a solar-type star}",
  journal = {\nat},
     year = 1995,
    month = nov,
   volume = 378,
    pages = {355-359},
      doi = {10.1038/378355a0},
   adsurl = {http://adsabs.harvard.edu/abs/1995Natur.378..355M},
  adsnote = {Provided by the SAO/NASA Astrophysics Data System}
}
@ARTICLE{thorsett1993,
   author = {{Thorsett}, S.~E. and {Arzoumanian}, Z. and {Taylor}, J.~H.},
    title = "{PSR B1620-26 - A binary radio pulsar with a planetary companion?}",
  journal = {\apjl},
 keywords = {Companion Stars, Periodic Variations, Pulsars, Stellar Mass, Planetary Systems, Space Observations (From Earth), Time Measurement},
     year = 1993,
    month = jul,
   volume = 412,
    pages = {L33-L36},
      doi = {10.1086/186933},
   adsurl = {http://adsabs.harvard.edu/abs/1993ApJ...412L..33T},
  adsnote = {Provided by the SAO/NASA Astrophysics Data System}
}
@book{armitage2010,
  title={Astrophysics of Planet Formation},
  author={Armitage, P.J.},
  isbn={9780521887458},
  lccn={2009036992},
  url={https://books.google.se/books?id=zjlZQnFfMs8C},
  year={2010},
  publisher={Cambridge University Press}
}
@ARTICLE{pichardo2005,
   author = {{Pichardo}, B. and {Sparke}, L.~S. and {Aguilar}, L.~A.},
    title = "{Circumstellar and circumbinary discs in eccentric stellar binaries}",
  journal = {\mnras},
   eprint = {astro-ph/0501244},
 keywords = {Galaxy: discs, binaries: general, circumstellar matter},
     year = 2005,
    month = may,
   volume = 359,
    pages = {521-530},
      doi = {10.1111/j.1365-2966.2005.08905.x},
   adsurl = {http://adsabs.harvard.edu/abs/2005MNRAS.359..521P},
  adsnote = {Provided by the SAO/NASA Astrophysics Data System}
}

@ARTICLE{lissauer1993,
   author = {{Lissauer}, J.~J.},
    title = "{Planet formation}",
  journal = {\araa},
 keywords = {Planetary Evolution, Planetary Systems, Solar System Evolution, Terrestrial Planets, Orbital Mechanics, Planetology},
     year = 1993,
   volume = 31,
    pages = {129-174},
      doi = {10.1146/annurev.aa.31.090193.001021},
   adsurl = {http://adsabs.harvard.edu/abs/1993ARA%26A..31..129L},
  adsnote = {Provided by the SAO/NASA Astrophysics Data System}
}

@ARTICLE{meschiari2012,
   author = {{Meschiari}, S.},
    title = "{Planet Formation in Circumbinary Configurations: Turbulence Inhibits Planetesimal Accretion}",
  journal = {\apjl},
archivePrefix = "arXiv",
   eprint = {1210.7757},
 primaryClass = "astro-ph.EP",
 keywords = {planets and satellites: dynamical evolution and stability, planets and satellites: formation },
     year = 2012,
    month = dec,
   volume = 761,
      eid = {L7},
    pages = {L7},
      doi = {10.1088/2041-8205/761/1/L7},
   adsurl = {http://adsabs.harvard.edu/abs/2012ApJ...761L...7M},
  adsnote = {Provided by the SAO/NASA Astrophysics Data System}
}

@ARTICLE{rafikov2013,
   author = {{Rafikov}, R.~R.},
    title = "{Building Tatooine: Suppression of the Direct Secular Excitation in Kepler Circumbinary Planet Formation}",
  journal = {\apjl},
archivePrefix = "arXiv",
   eprint = {1212.2217},
 primaryClass = "astro-ph.EP",
 keywords = {binaries: close, planetary systems, planets and satellites: formation, protoplanetary disks},
     year = 2013,
    month = feb,
   volume = 764,
      eid = {L16},
    pages = {L16},
      doi = {10.1088/2041-8205/764/1/L16},
   adsurl = {http://adsabs.harvard.edu/abs/2013ApJ...764L..16R},
  adsnote = {Provided by the SAO/NASA Astrophysics Data System}
}

@ARTICLE{martin2013,
   author = {{Martin}, R.~G. and {Armitage}, P.~J. and {Alexander}, R.~D.
	},
    title = "{Formation of Circumbinary Planets in a Dead Zone}",
  journal = {\apj},
archivePrefix = "arXiv",
   eprint = {1306.5241},
 primaryClass = "astro-ph.EP",
 keywords = {accretion, accretion disks, binaries: close, planets and satellites: formation, protoplanetary disks, stars: pre-main sequence },
     year = 2013,
    month = aug,
   volume = 773,
      eid = {74},
    pages = {74},
      doi = {10.1088/0004-637X/773/1/74},
   adsurl = {http://adsabs.harvard.edu/abs/2013ApJ...773...74M},
  adsnote = {Provided by the SAO/NASA Astrophysics Data System}
}

@BOOK{perryman,
   author = {{Perryman}, M.},
    title = "{The Exoplanet Handbook}",
booktitle = {The Exoplanet Handbook by Michael Perryman, Cambridge University Press; 1 edition, 424 p., ISBN: 0521765595},
     year = 2011,
    month = may,
   adsurl = {http://adsabs.harvard.edu/abs/2011exha.book.....P},
  adsnote = {Provided by the SAO/NASA Astrophysics Data System}
}
@ARTICLE{catalogue,
   author = {{Rein}, H.},
    title = "{A proposal for community driven and decentralized astronomical databases and the Open Exoplanet Catalogue}",
  journal = {ArXiv e-prints},
archivePrefix = "arXiv",
   eprint = {1211.7121},
 primaryClass = "astro-ph.EP",
 keywords = {Astrophysics - Earth and Planetary Astrophysics, Astrophysics - Instrumentation and Methods for Astrophysics, Physics - Computational Physics, Physics - Data Analysis, Statistics and Probability},
     year = 2012,
    month = nov,
   adsurl = {http://adsabs.harvard.edu/abs/2012arXiv1211.7121R},
  adsnote = {Provided by the SAO/NASA Astrophysics Data System}
}

@ARTICLE{nelson2007,
   author = {{Pierens}, A. and {Nelson}, R.~P.},
    title = "{On the migration of protoplanets embedded in circumbinary disks}",
  journal = {\aap},
archivePrefix = "arXiv",
   eprint = {0707.2677},
 keywords = {accretion, accretion disks, planets and satellites: formation, stars: binaries: close, hydrodynamics, methods: numerical},
     year = 2007,
    month = sep,
   volume = 472,
    pages = {993-1001},
      doi = {10.1051/0004-6361:20077659},
   adsurl = {http://adsabs.harvard.edu/abs/2007A%26A...472..993P},
  adsnote = {Provided by the SAO/NASA Astrophysics Data System}
}

@ARTICLE{mayor1991,
   author = {{Duquennoy}, A. and {Mayor}, M.},
    title = "{Multiplicity among solar-type stars in the solar neighbourhood. II - Distribution of the orbital elements in an unbiased sample}",
  journal = {\aap},
 keywords = {Binary Stars, Dwarf Stars, G Stars, Solar Neighborhood, Stellar Orbits, Brown Dwarf Stars, Orbital Elements, Peculiar Stars, Radial Velocity, Stellar Evolution, Variable Stars},
     year = 1991,
    month = aug,
   volume = 248,
    pages = {485-524},
   adsurl = {http://adsabs.harvard.edu/abs/1991A%26A...248..485D},
  adsnote = {Provided by the SAO/NASA Astrophysics Data System}
}
@book{prialnik2009,
  title={An Introduction to the Theory of Stellar Structure and Evolution},
  author={Prialnik, D.},
  isbn={9781316284308},
  url={https://books.google.se/books?id=oSZbBgAAQBAJ},
  year={2009},
  publisher={Cambridge University Press}
}

@ARTICLE{zahn1989a,
   author = {{Zahn}, J.-P.},
    title = "{Tidal evolution of close binary stars. I - Revisiting the theory of the equilibrium tide}",
  journal = {\aap},
 keywords = {Binary Stars, Stellar Evolution, Tides, Turbulence Effects, Mixing Length Flow Theory, Stellar Envelopes, Viscosity},
     year = 1989,
    month = aug,
   volume = 220,
    pages = {112-116},
   adsurl = {http://adsabs.harvard.edu/abs/1989A%26A...220..112Z},
  adsnote = {Provided by the SAO/NASA Astrophysics Data System}
}

@ARTICLE{zahn1989b,
   author = {{Zahn}, J.-P. and {Bouchet}, L.},
    title = "{Tidal evolution of close binary stars. II - Orbital circularization of late-type binaries}",
  journal = {\aap},
 keywords = {Binary Stars, Late Stars, Pre-Main Sequence Stars, Stellar Evolution, Eccentricity, Mass Transfer, Stellar Rotation},
     year = 1989,
    month = oct,
   volume = 223,
    pages = {112-118},
   adsurl = {http://adsabs.harvard.edu/abs/1989A%26A...223..112Z},
  adsnote = {Provided by the SAO/NASA Astrophysics Data System}
}

@ARTICLE{applegate,
   author = {{Applegate}, J.~H.},
    title = "{A mechanism for orbital period modulation in close binaries}",
  journal = {\apj},
 keywords = {Eclipsing Binary Stars, Orbit Perturbation, Stellar Magnetic Fields, Stellar Orbits, Variable Stars, Angular Momentum, Gravitational Effects, Magnetic Stars, Stellar Activity, Stellar Evolution},
     year = 1992,
    month = feb,
   volume = 385,
    pages = {621-629},
      doi = {10.1086/170967},
   adsurl = {http://adsabs.harvard.edu/abs/1992ApJ...385..621A},
  adsnote = {Provided by the SAO/NASA Astrophysics Data System}
}

@ARTICLE{horner2011,
   author = {{Horner}, J. and {Marshall}, J.~P. and {Wittenmyer}, R.~A. and 
	{Tinney}, C.~G.},
    title = "{A dynamical analysis of the proposed HU Aquarii planetary system}",
  journal = {\mnras},
archivePrefix = "arXiv",
   eprint = {1106.0777},
 primaryClass = "astro-ph.EP",
 keywords = {planets and satellites: dynamical evolution and stability, binaries: close, binaries: eclipsing, stars: individual: HU Aquarii, planetary systems, white dwarfs},
     year = 2011,
    month = sep,
   volume = 416,
    pages = {L11-L15},
      doi = {10.1111/j.1745-3933.2011.01087.x},
   adsurl = {http://adsabs.harvard.edu/abs/2011MNRAS.416L..11H},
  adsnote = {Provided by the SAO/NASA Astrophysics Data System}
}

@ARTICLE{hinse2012,
   author = {{Hinse}, T.~C. and {Lee}, J.~W. and {Go{\'z}dziewski}, K. and 
	{Haghighipour}, N. and {Lee}, C.-U. and {Scullion}, E.~M.},
    title = "{New light-travel time models and orbital stability study of the proposed planetary system HU Aquarii}",
  journal = {\mnras},
archivePrefix = "arXiv",
   eprint = {1112.0066},
 primaryClass = "astro-ph.EP",
 keywords = {binaries: close, binaries: eclipsing, stars: individual: HU Aquarii},
     year = 2012,
    month = mar,
   volume = 420,
    pages = {3609-3620},
      doi = {10.1111/j.1365-2966.2011.20283.x},
   adsurl = {http://adsabs.harvard.edu/abs/2012MNRAS.420.3609H},
  adsnote = {Provided by the SAO/NASA Astrophysics Data System}
}

@ARTICLE{vanWinckel2009,
   author = {{van Winckel}, H. and {Lloyd Evans}, T. and {Briquet}, M. and 
	{De Cat}, P. and {Degroote}, P. and {De Meester}, W. and {De Ridder}, J. and 
	{Deroo}, P. and {Desmet}, M. and {Drummond}, R. and {Eyer}, L. and 
	{Groenewegen}, M.~A.~T. and {Kolenberg}, K. and {Kilkenny}, D. and 
	{Ladjal}, D. and {Lefever}, K. and {Maas}, T. and {Marang}, F. and 
	{Martinez}, P. and {{\O}stensen}, R.~H. and {Raskin}, G. and 
	{Reyniers}, M. and {Royer}, P. and {Saesen}, S. and {Uytterhoeven}, K. and 
	{Vanautgaerden}, J. and {Vandenbussche}, B. and {van Wyk}, F. and 
	{Vu{\v c}kovi{\'c}}, M. and {Waelkens}, C. and {Zima}, W.},
    title = "{Post-AGB stars with hot circumstellar dust: binarity of the low-amplitude pulsators}",
  journal = {\aap},
archivePrefix = "arXiv",
   eprint = {0906.4482},
 primaryClass = "astro-ph.SR",
 keywords = {stars: AGB and post-AGB, stars: binaries: general, stars: binaries: spectroscopic, stars: chemically peculiar, stars: evolution},
     year = 2009,
    month = oct,
   volume = 505,
    pages = {1221-1232},
      doi = {10.1051/0004-6361/200912332},
   adsurl = {http://adsabs.harvard.edu/abs/2009A%26A...505.1221V},
  adsnote = {Provided by the SAO/NASA Astrophysics Data System}
}

@ARTICLE{deRuyter2006,
   author = {{de Ruyter}, S. and {van Winckel}, H. and {Maas}, T. and {Lloyd Evans}, T. and 
	{Waters}, L.~B.~F.~M. and {Dejonghe}, H.},
    title = "{Keplerian discs around post-AGB stars: a common phenomenon?}",
  journal = {\aap},
   eprint = {astro-ph/0601578},
     year = 2006,
    month = mar,
   volume = 448,
    pages = {641-653},
      doi = {10.1051/0004-6361:20054062},
   adsurl = {http://adsabs.harvard.edu/abs/2006A%26A...448..641D},
  adsnote = {Provided by the SAO/NASA Astrophysics Data System}
}

@PROCEEDINGS{cambridgenbody,
    title = "{The Cambridge N-Body Lectures}",
 keywords = {Physics, Astrophysics, Mechanics, Mathematical and Computational Physics, Atoms, Molecules, Clusters and Plasmas},
booktitle = {The Cambridge N-Body Lectures},
     year = 2008,
   series = {Lecture Notes in Physics, Berlin Springer Verlag},
   volume = 760,
   editor = {{Aarseth}, S.~J. and {Tout}, C.~A. and {Mardling}, R.~A.},
      doi = {10.1007/978-1-4020-8431-7},
   adsurl = {http://adsabs.harvard.edu/abs/2008LNP...760.....A},
  adsnote = {Provided by the SAO/NASA Astrophysics Data System}
}
@PROCEEDINGS{2008LNP...760.....A,
    title = "{The Cambridge N-Body Lectures}",
 keywords = {Physics, Astrophysics, Mechanics, Mathematical and Computational Physics, Atoms, Molecules, Clusters and Plasmas},
booktitle = {The Cambridge N-Body Lectures},
     year = 2008,
   series = {Lecture Notes in Physics, Berlin Springer Verlag},
   volume = 760,
   editor = {{Aarseth}, S.~J. and {Tout}, C.~A. and {Mardling}, R.~A.},
      doi = {10.1007/978-1-4020-8431-7},
   adsurl = {http://adsabs.harvard.edu/abs/2008LNP...760.....A},
  adsnote = {Provided by the SAO/NASA Astrophysics Data System}
}
@book{nader,
  title={Planets in Binary Star Systems},
  author={Haghighipour, N.},
  isbn={9789048186877},
  lccn={2010927320},
  series={Astrophysics and Space Science Library},
  url={https://books.google.hr/books?id=kyf7vgv6FSYC},
  year={2010},
  publisher={Springer Netherlands}
}
@ARTICLE{Kozai,
   author = {{Naoz}, S.},
    title = "{The Eccentric Kozai-Lidov Effect and Its Applications}",
  journal = {\araa},
archivePrefix = "arXiv",
   eprint = {1601.07175},
 primaryClass = "astro-ph.EP",
     year = 2016,
    month = sep,
   volume = 54,
    pages = {441-489},
      doi = {10.1146/annurev-astro-081915-023315},
   adsurl = {http://adsabs.harvard.edu/abs/2016ARA%26A..54..441N},
  adsnote = {Provided by the SAO/NASA Astrophysics Data System}
}
@ARTICLE{pulsar_planet,
   author = {{Wolszczan}, A. and {Frail}, D.~A.},
    title = "{A planetary system around the millisecond pulsar PSR1257 + 12}",
  journal = {\nat},
 keywords = {Binary Stars, Extrasolar Planets, Orbital Mechanics, Planetary Systems, Pulsars, Accretion Disks, Least Squares Method, Neutron Stars, Radio Astronomy, Supernova Remnants},
     year = 1992,
    month = jan,
   volume = 355,
    pages = {145-147},
      doi = {10.1038/355145a0},
   adsurl = {http://adsabs.harvard.edu/abs/1992Natur.355..145W},
  adsnote = {Provided by the SAO/NASA Astrophysics Data System}
}

@ARTICLE{microlensing_cb,
   author = {{Bennett}, D.~P. and {Rhie}, S.~H. and {Udalski}, A. and {Gould}, A. and 
	{Tsapras}, Y. and {Kubas}, D. and {Bond}, I.~A. and {Greenhill}, J. and 
	{Cassan}, A. and {Rattenbury}, N.~J. and {Boyajian}, T.~S. and 
	{Luhn}, J. and {Penny}, M.~T. and {Anderson}, J. and {Abe}, F. and 
	{Bhattacharya}, A. and {Botzler}, C.~S. and {Donachie}, M. and 
	{Freeman}, M. and {Fukui}, A. and {Hirao}, Y. and {Itow}, Y. and 
	{Koshimoto}, N. and {Li}, M.~C.~A. and {Ling}, C.~H. and {Masuda}, K. and 
	{Matsubara}, Y. and {Muraki}, Y. and {Nagakane}, M. and {Ohnishi}, K. and 
	{Oyokawa}, H. and {Perrott}, Y.~C. and {Saito}, T. and {Sharan}, A. and 
	{Sullivan}, D.~J. and {Sumi}, T. and {Suzuki}, D. and {Tristram}, P.~J. and 
	{Yonehara}, A. and {Yock}, P.~C.~M. and {MOA Collaboration} and 
	{Szyma{\'n}ski}, M.~K. and {Soszy{\'n}ski}, I. and {Ulaczyk}, K. and 
	{Wyrzykowski}, {\L}. and {OGLE Collaboration} and {Allen}, W. and 
	{DePoy}, D. and {Gal-Yam}, A. and {Gaudi}, B.~S. and {Han}, C. and 
	{Monard}, I.~A.~G. and {Ofek}, E. and {Pogge}, R.~W. and {{$\mu$}FUN Collaboration} and 
	{Street}, R.~A. and {Bramich}, D.~M. and {Dominik}, M. and {Horne}, K. and 
	{Snodgrass}, C. and {Steele}, I.~A. and {Robonet Collaboration} and 
	{Albrow}, M.~D. and {Bachelet}, E. and {Batista}, V. and {Beaulieu}, J.-P. and 
	{Brillant}, S. and {Caldwell}, J.~A.~R. and {Cole}, A. and {Coutures}, C. and 
	{Dieters}, S. and {Dominis Prester}, D. and {Donatowicz}, J. and 
	{Fouqu{\'e}}, P. and {Hundertmark}, M. and {J{\o}rgensen}, U.~G. and 
	{Kains}, N. and {Kane}, S.~R. and {Marquette}, J.-B. and {Menzies}, J. and 
	{Pollard}, K.~R. and {Ranc}, C. and {Sahu}, K.~C. and {Wambsganss}, J. and 
	{Williams}, A. and {Zub}, M. and {PLANET Collaboration}},
    title = "{The First Circumbinary Planet Found by Microlensing: OGLE-2007-BLG-349L(AB)c}",
  journal = {\aj},
archivePrefix = "arXiv",
   eprint = {1609.06720},
 primaryClass = "astro-ph.EP",
 keywords = {gravitational lensing: micro, planetary systems},
     year = 2016,
    month = nov,
   volume = 152,
      eid = {125},
    pages = {125},
      doi = {10.3847/0004-6256/152/5/125},
   adsurl = {http://adsabs.harvard.edu/abs/2016AJ....152..125B},
  adsnote = {Provided by the SAO/NASA Astrophysics Data System}
}
